<record><leader>00000cas a22000007a 4500</leader><controlfield tag="001">18481390</controlfield><controlfield tag="008">880914u19uuuuuutxuwr ne      0    0eng d</controlfield><datafield ind1=" " ind2=" " tag="010"><subfield code="a">sn 88084243 </subfield></datafield><datafield ind1=" " ind2=" " tag="040"><subfield code="a">PPM</subfield><subfield code="b">eng</subfield><subfield code="c">PPM</subfield><subfield code="d">OCLCQ</subfield></datafield><datafield ind1=" " ind2=" " tag="042"><subfield code="a">msc</subfield></datafield><datafield ind1="0" ind2="4" tag="245"><subfield code="a">The Progressive outlook.</subfield></datafield><datafield ind1=" " ind2=" " tag="260"><subfield code="a">Hull &amp; Daisetta, Tex. :</subfield><subfield code="b">M.B. Brown</subfield></datafield><datafield ind1=" " ind2=" " tag="310"><subfield code="a">Weekly</subfield></datafield><datafield ind1=" " ind2=" " tag="588"><subfield code="a">Description based on: Vol. 8, no. 34 (Jan. 1, 1932).</subfield></datafield><datafield ind1=" " ind2=" " tag="752"><subfield code="a">United States</subfield><subfield code="b">Texas</subfield><subfield code="c">Liberty</subfield><subfield code="d">Hull.</subfield></datafield><datafield ind1=" " ind2=" " tag="752"><subfield code="a">United States</subfield><subfield code="b">Texas</subfield><subfield code="c">Liberty</subfield><subfield code="d">Daisetta.</subfield></datafield><datafield ind1="0" ind2="0" tag="785"><subfield code="t">Liberty County news and progressive outlook</subfield></datafield><datafield ind1="1" ind2=" " tag="029"><subfield code="a">AU@</subfield><subfield code="b">000025807741</subfield></datafield></record>